@misc{AMDwebsite,
    author    = "AMD",
    title     = "AMD Software",
    url       = "https://www.amd.com/en/software"

}

@misc{Sextonwebsite,
    author    = "Michael Justin Allen Sexton",
    title     = "The History Of AMD CPUs",
    url       = "https://www.tomshardware.com/picturestory/713-amd-cpu-history.html"

}
@misc{Butlerwebsite,
    author    = "Dave Butler",
    title     = "History of AMD: Timeline and Facts",
    url       = "https://www.thestreet.com/technology/history-of-amd"
}

@misc{Britannicawebsite,
    author    = "The Editors of Encyclopaedia Britannica",
    title     = "Advanced Micro Devices, Inc.",
    url       = "https://www.britannica.com/topic/Advanced-Micro-Devices-Inc"
}

@misc{Ryzen,
    author    = "TechTarget Contributer",
    title     = "AMD (AMD Ryzen)",
    url       = "https://www.techtarget.com/whatis/definition/Ryzen-AMD-Ryzen#:~:text=Ryzen%20(pronounced%20RYE%20zen)%20is,prediction%20hardware%20and%20smart%20prefetch."
}

@misc{Ryzen2,
    author    = "Jowi Morales",
    title     = "Ryzen 3, 5, 7, or 9: Which Should You Buy?",
    url       ="https://www.makeuseof.com/ryzen-3-5-7-9-which-should-you-buy/#:~:text=The%20Differences%20Between%20Each%20Ryzen%20Model&text=The%20higher%20the%20value%20indicated,12%20and%2016%2Dcore%20versions."

}

@misc{Ryzen3,
    author    = "IVadim",
    title     = "History of AMD Ryzen CPUs [1000 to 5000-series Evolution]",
    url       = "https://www.youtube.com/watch?v=32vWPhnvC-c"
}

@misc{Ryzen4,
    author    = "AMD",
    title     = "AMD Zen 3 Core Architecture",
    url       = https://www.amd.com/en/technologies/zen-core-3#:~:text=The%20%22Zen%203%22%20architecture%20represents,flight%E2%80%94and%20do%20it%20faster.
}
